@Misc{docs:opencv,
author = {OpenCV development team},
title = {OpenCV 2.4.9.0 documentation; Introduction},
month = apr,
year = {2014},
note = {http://docs.opencv.org/modules/core/doc/intro.html [Besøkt april 2014]}
}
@Misc{mexopencv,
author = {Kota. Department of Computer Science. Stony Brook University, Yamaguchi},
title = {mexopencv},
month = feb,
year = {2013},
note = {http://www.cs.stonybrook.edu/~kyamagu/mexopencv/ [Besøkt april 2014]}
}
@Misc{matlab,
author = {The MathWorks Inc.},
title = {MATLAB - The Language of Technical Computing},
month = apr,
year = {2014},
note = {http://www.mathworks.se/products/matlab/ [Besøkt april 2014]}
}
@Misc{PWM,
author = {Devesh Samaiya},
title = {Servo Motor Control},
note = {http://www.electroons.com/electroons/site_index.html [Besøkt april 2014]}
}
@Misc{PowerHD,
author = {HuiDa RC International Inc},
title = {HD-1600A, Specifications},
note = {http://www.chd.hk/Product_Detail.aspx?id=33 [Besøkt april 2014]}
}
@Misc{InSens,
author = {InvenSense Inc.},
title = {MPU-6050 Six-Axis MEMS Motion Tracking Device},
note = {http://www.invensense.com/mems/gyro/mpu6050.html [Besøkt april 2014]}
}

