@manual{platonic,
      title  = "Illustrasjon av platoniske objekter",
      author = "forMySchoolStuff.com",
      note   = "\url{http://www.formyschoolstuff.com/school/math/glossary/images/platonic-solids.gif}",
      year   = "(Bes√∏kt Mars 19, 2014)"
    }


